<collection xmlns="http://www.loc.gov/MARC21/slim"><record><leader>00718nam  2200217   450</leader><controlfield tag="001">638</controlfield><controlfield tag="003">http://montalegre.opacnet.com/OPAC/default.aspx?ContentAreaControl=ShowRegHoldings.ascx&amp;RegNo=16662</controlfield><controlfield tag="005">20</controlfield><datafield tag="100" ind1=" " ind2=" "><subfield code="a">20061013d1985    km y0pora0103    ba</subfield></datafield><datafield tag="101" ind1="0" ind2=" "><subfield code="a">por</subfield></datafield><datafield tag="102" ind1=" " ind2=" "><subfield code="a">PT</subfield></datafield><datafield tag="200" ind1="1" ind2=" "><subfield code="a">&lt;A &gt;cidade transparente</subfield><subfield code="f">Fernando Bento Gomes</subfield><subfield code="g">ilust.: Henrique Cayatte</subfield></datafield><datafield tag="210" ind1=" " ind2=" "><subfield code="a">Lisboa</subfield><subfield code="c">Caminho</subfield><subfield code="d">1985</subfield></datafield><datafield tag="215" ind1=" " ind2=" "><subfield code="a">[42] p.</subfield><subfield code="c">il.</subfield><subfield code="d">21 cm</subfield></datafield><datafield tag="675" ind1=" " ind2=" "><subfield code="a">82-93</subfield></datafield><datafield tag="675" ind1=" " ind2=" "><subfield code="a">821.134.3-34</subfield></datafield><datafield tag="700" ind1=" " ind2="1"><subfield code="a">Gomes</subfield><subfield code="b">Fernando Bento</subfield><subfield code="f">1938-</subfield></datafield><datafield tag="702" ind1=" " ind2="1"><subfield code="a">Cayatte</subfield><subfield code="b">Henrique</subfield><subfield code="f">1957-</subfield><subfield code="4">440</subfield></datafield><datafield tag="801" ind1=" " ind2="0"><subfield code="a">PT</subfield><subfield code="b">Biblioteca Municipal de Montalegre</subfield><subfield code="g">RPC</subfield></datafield><datafield tag="856" ind1=" " ind2=" "><subfield code="u">locateMedia.asp?cod=20060523085954&amp;ext=jpg</subfield><subfield code="z">CAPA</subfield></datafield><datafield tag="909" ind1="&#9;" ind2=" "><subfield code="a">2</subfield></datafield><datafield tag="966" ind1=" " ind2=" "><subfield code="a">0001464</subfield><subfield code="l">BMM</subfield><subfield code="s">SI 821.134.3-34 GOM cid</subfield></datafield><datafield tag="966" ind1=" " ind2=" "><subfield code="a">0001465</subfield><subfield code="l">BMM</subfield><subfield code="s">SI 82-93 GOM cid</subfield></datafield></record></collection>